@article{nikitin2017netrivialnye57523661,
	author = "Никитин, А. А. and Савостьянов, А. С.",
	title = "Нетривиальные  стационарные точки двухвидовых самоструктурирующихся сообществ",
	journal = "Вестник Московского университета. Серия 15: Вычислительная математика и кибернетика",
	year = "2017",
	number = "3",
	issn = "0137-0782",
	pages = "1--12",
	publisher = "М.",
	address = "М.",
	language = "russian"
}

@inproceedings{nesterenko2017mekhanizmy57102897,
	author = "Савостьянов, А. С. and Никитин, А. А. and Нестеренко, А. М.",
	title = "Механизмы сосуществования двухвидовых популяций в пространствах разных размерностей",
	booktitle = "Тезисы конференции Математика. Компьютер. Образование 2017. Биофизика сложных систем",
	year = "2017",
	pages = "90--90",
	publisher = "Москва",
	language = "russian"
}

%Савостьянов А.С. Механизмы сосуществования двухвидовых популяций,

задаваемые стационарными точками системы нелинейных интегральных

уравнений // Современные методы теории краевых задач: материалы

международной конференции «Понтрягинские чтения -- XXVII», Воронеж: ВГУ, 3-

9 мая, 2016 года, с.245-247.

@inproceedings{vor2016,
	author = "Савостьянов, А. С.",
	title = "Механизмы сосуществования двухвидовых популяций, задаваемые стационарными точками системы нелинейных интегральных уравнений",
	booktitle = "Современные методы теории краевых задач: материалы	международной конференции Понтрягинские чтения -- XXVII",
	year = "2016",
	pages = "245--247",
	publisher = "ВГУ",
	address = "Воронеж",
	language = "russian"
}

@inproceedings{vor2015,
	author = "Савостьянов, А. С.",
	title = "Положение равновесия двухвидовой системы стационарных сообществ",
	booktitle = "Современные методы теории краевых задач: материалы	международной конференции Понтрягинские чтения -- XXVI",
	year = "2015",
	pages = "178--178",
	publisher = "ВГУ",
	address = "Воронеж",
	language = "russian"
}

@inproceedings{vmk2015,
	author = "Савостьянов, А. С.",
	title = "Изучение интегро-дифференциальных уравнений, возникающих при поиске положения равновесия двухвидовой стациаонарной системы",
	booktitle = "Сборник тезисов XXII Международной научной конференции студентов, аспирантов и молодых ученых Ломоносов-2015, секция Вычислительная математика и кибернетика",
	year = "2015",
	pages = "86--88",
	publisher = "ВМК МГУ",
	address = "Москва",
	language = "russian"
}

@inproceedings{vmk2016,
	author = "Савостьянов, А. С.",
	title = "Изучение нелинейных интегральных уравнений, описывающих стационарные точки и механизмы сосуществования двухвидовых самоструктурирующихся популяций",
	booktitle = "Сборник тезисов XXIII Международной научной конференции студентов, аспирантов и молодых ученых Ломоносов-2015, секция Вычислительная математика и кибернетика",
	year = "2016",
	pages = "109--111",
	publisher = "ВМК МГУ",
	address = "Москва",
	language = "russian"
}

@inproceedings{vmk2017,
	author = "Савостьянов, А. С.",
	title = "Влияние размерности среды на стационарные точки в пространственной модели стохастических сообществ",
	booktitle = "Сборник тезисов XXIV Международной научной конференции студентов, аспирантов и молодых ученых Ломоносов-2015, секция Вычислительная математика и кибернетика",
	year = "2017",
	pages = "46--48",
	publisher = "ВМК МГУ",
	address = "Москва",
	language = "russian"
}